%YAML 1.1
%TAG !u! tag:unity3d.com,2011:
--- !u!1 &8419837854504657588
GameObject:
  m_ObjectHideFlags: 0
  m_CorrespondingSourceObject: {fileID: 0}
  m_PrefabInstance: {fileID: 0}
  m_PrefabAsset: {fileID: 0}
  serializedVersion: 6
  m_Component:
  - component: {fileID: 8419837854504657587}
  - component: {fileID: 8419837854504657584}
  - component: {fileID: 8419837854504657591}
  - component: {fileID: 8419837854504657586}
  - component: {fileID: 243093717261566907}
  - component: {fileID: 8701953925688683029}
  - component: {fileID: 243093717751701329}
  - component: {fileID: 7859504270926037339}
  m_Layer: 0
  m_Name: FatEnemy
  m_TagString: enemy
  m_Icon: {fileID: 0}
  m_NavMeshLayer: 0
  m_StaticEditorFlags: 0
  m_IsActive: 1
--- !u!4 &8419837854504657587
Transform:
  m_ObjectHideFlags: 0
  m_CorrespondingSourceObject: {fileID: 0}
  m_PrefabInstance: {fileID: 0}
  m_PrefabAsset: {fileID: 0}
  m_GameObject: {fileID: 8419837854504657588}
  m_LocalRotation: {x: 0, y: 0, z: 0, w: 1}
  m_LocalPosition: {x: -2.91, y: 0.99, z: 0.09}
  m_LocalScale: {x: 2.5, y: 2, z: 2}
  m_Children:
  - {fileID: 260916065122585358}
  - {fileID: 2622038806401865652}
  m_Father: {fileID: 0}
  m_RootOrder: 0
  m_LocalEulerAnglesHint: {x: 0, y: 0, z: 0}
--- !u!33 &8419837854504657584
MeshFilter:
  m_ObjectHideFlags: 0
  m_CorrespondingSourceObject: {fileID: 0}
  m_PrefabInstance: {fileID: 0}
  m_PrefabAsset: {fileID: 0}
  m_GameObject: {fileID: 8419837854504657588}
  m_Mesh: {fileID: 10208, guid: 0000000000000000e000000000000000, type: 0}
--- !u!114 &8419837854504657591
MonoBehaviour:
  m_ObjectHideFlags: 0
  m_CorrespondingSourceObject: {fileID: 0}
  m_PrefabInstance: {fileID: 0}
  m_PrefabAsset: {fileID: 0}
  m_GameObject: {fileID: 8419837854504657588}
  m_Enabled: 1
  m_EditorHideFlags: 0
  m_Script: {fileID: 11500000, guid: 0442437f5f7614245b8df87def3091c3, type: 3}
  m_Name: 
  m_EditorClassIdentifier: 
  range: 500
  turnSpeed: 5
  countDown: 2
--- !u!195 &8419837854504657586
NavMeshAgent:
  m_ObjectHideFlags: 0
  m_CorrespondingSourceObject: {fileID: 0}
  m_PrefabInstance: {fileID: 0}
  m_PrefabAsset: {fileID: 0}
  m_GameObject: {fileID: 8419837854504657588}
  m_Enabled: 1
  m_AgentTypeID: 0
  m_Radius: 0.5
  m_Speed: 2.5
  m_Acceleration: 8
  avoidancePriority: 50
  m_AngularSpeed: 120
  m_StoppingDistance: 2
  m_AutoTraverseOffMeshLink: 1
  m_AutoBraking: 1
  m_AutoRepath: 1
  m_Height: 2
  m_BaseOffset: 0
  m_WalkableMask: 4294967295
  m_ObstacleAvoidanceType: 4
--- !u!114 &243093717261566907
MonoBehaviour:
  m_ObjectHideFlags: 0
  m_CorrespondingSourceObject: {fileID: 0}
  m_PrefabInstance: {fileID: 0}
  m_PrefabAsset: {fileID: 0}
  m_GameObject: {fileID: 8419837854504657588}
  m_Enabled: 1
  m_EditorHideFlags: 0
  m_Script: {fileID: 11500000, guid: f9207cbf1dd2f6f41b53d5b81f520963, type: 3}
  m_Name: 
  m_EditorClassIdentifier: 
  hitPoints: 180
  ammo:
  - {fileID: 1572639224830242209, guid: f50db74a64b3120459261d7185ac739e, type: 3}
  - {fileID: 1572639224830242209, guid: 50979a0163e0418439a49d5b40362edd, type: 3}
  - {fileID: 1572639224830242209, guid: 9a42029e3bebcce498b8de483f1cf620, type: 3}
  - {fileID: 1572639224830242209, guid: ae91d7b3b9f4e6f49b136642523f6f7f, type: 3}
  - {fileID: 1572639224830242209, guid: 3315c555e8f31ac4598f0bed0cb39be9, type: 3}
  - {fileID: 1572639224830242209, guid: f1024686a44bbe145bd4971e9bf94184, type: 3}
  enemyType: 1
  enemyKills: 0
--- !u!95 &8701953925688683029
Animator:
  serializedVersion: 3
  m_ObjectHideFlags: 0
  m_CorrespondingSourceObject: {fileID: 0}
  m_PrefabInstance: {fileID: 0}
  m_PrefabAsset: {fileID: 0}
  m_GameObject: {fileID: 8419837854504657588}
  m_Enabled: 1
  m_Avatar: {fileID: 9000000, guid: 8f7380da49034cd488ddff94b1ac35d1, type: 3}
  m_Controller: {fileID: 9100000, guid: afaa7fe9c7d2f944fbbf415ab94eb2a9, type: 2}
  m_CullingMode: 0
  m_UpdateMode: 0
  m_ApplyRootMotion: 0
  m_LinearVelocityBlending: 0
  m_WarningMessage: 
  m_HasTransformHierarchy: 1
  m_AllowConstantClipSamplingOptimization: 1
  m_KeepAnimatorControllerStateOnDisable: 0
--- !u!114 &243093717751701329
MonoBehaviour:
  m_ObjectHideFlags: 0
  m_CorrespondingSourceObject: {fileID: 0}
  m_PrefabInstance: {fileID: 0}
  m_PrefabAsset: {fileID: 0}
  m_GameObject: {fileID: 8419837854504657588}
  m_Enabled: 1
  m_EditorHideFlags: 0
  m_Script: {fileID: 11500000, guid: 116db7e570e02a049a8ea3fbaf383421, type: 3}
  m_Name: 
  m_EditorClassIdentifier: 
  damage: 40
--- !u!136 &7859504270926037339
CapsuleCollider:
  m_ObjectHideFlags: 0
  m_CorrespondingSourceObject: {fileID: 0}
  m_PrefabInstance: {fileID: 0}
  m_PrefabAsset: {fileID: 0}
  m_GameObject: {fileID: 8419837854504657588}
  m_Material: {fileID: 0}
  m_IsTrigger: 0
  m_Enabled: 1
  m_Radius: 0.19
  m_Height: 1.9250838
  m_Direction: 1
  m_Center: {x: 0, y: 0.9392769, z: -0.04135251}
--- !u!1001 &835483253237897085
PrefabInstance:
  m_ObjectHideFlags: 0
  serializedVersion: 2
  m_Modification:
    m_TransformParent: {fileID: 8419837854504657587}
    m_Modifications:
    - target: {fileID: 578376449398627443, guid: 6dc4cf4496348884d8ee27743ae38562,
        type: 3}
      propertyPath: m_RootOrder
      value: 0
      objectReference: {fileID: 0}
    - target: {fileID: 578376449398627443, guid: 6dc4cf4496348884d8ee27743ae38562,
        type: 3}
      propertyPath: m_LocalPosition.x
      value: 0
      objectReference: {fileID: 0}
    - target: {fileID: 578376449398627443, guid: 6dc4cf4496348884d8ee27743ae38562,
        type: 3}
      propertyPath: m_LocalPosition.y
      value: 0
      objectReference: {fileID: 0}
    - target: {fileID: 578376449398627443, guid: 6dc4cf4496348884d8ee27743ae38562,
        type: 3}
      propertyPath: m_LocalPosition.z
      value: 0
      objectReference: {fileID: 0}
    - target: {fileID: 578376449398627443, guid: 6dc4cf4496348884d8ee27743ae38562,
        type: 3}
      propertyPath: m_LocalRotation.w
      value: 1
      objectReference: {fileID: 0}
    - target: {fileID: 578376449398627443, guid: 6dc4cf4496348884d8ee27743ae38562,
        type: 3}
      propertyPath: m_LocalRotation.x
      value: 0
      objectReference: {fileID: 0}
    - target: {fileID: 578376449398627443, guid: 6dc4cf4496348884d8ee27743ae38562,
        type: 3}
      propertyPath: m_LocalRotation.y
      value: 0
      objectReference: {fileID: 0}
    - target: {fileID: 578376449398627443, guid: 6dc4cf4496348884d8ee27743ae38562,
        type: 3}
      propertyPath: m_LocalRotation.z
      value: 0
      objectReference: {fileID: 0}
    - target: {fileID: 578376449398627443, guid: 6dc4cf4496348884d8ee27743ae38562,
        type: 3}
      propertyPath: m_LocalEulerAnglesHint.x
      value: 0
      objectReference: {fileID: 0}
    - target: {fileID: 578376449398627443, guid: 6dc4cf4496348884d8ee27743ae38562,
        type: 3}
      propertyPath: m_LocalEulerAnglesHint.y
      value: 0
      objectReference: {fileID: 0}
    - target: {fileID: 578376449398627443, guid: 6dc4cf4496348884d8ee27743ae38562,
        type: 3}
      propertyPath: m_LocalEulerAnglesHint.z
      value: 0
      objectReference: {fileID: 0}
    - target: {fileID: 4493914613880827488, guid: 6dc4cf4496348884d8ee27743ae38562,
        type: 3}
      propertyPath: m_Name
      value: Zombie1
      objectReference: {fileID: 0}
    m_RemovedComponents:
    - {fileID: 7389507112651452681, guid: 6dc4cf4496348884d8ee27743ae38562, type: 3}
  m_SourcePrefab: {fileID: 100100000, guid: 6dc4cf4496348884d8ee27743ae38562, type: 3}
--- !u!4 &260916065122585358 stripped
Transform:
  m_CorrespondingSourceObject: {fileID: 578376449398627443, guid: 6dc4cf4496348884d8ee27743ae38562,
    type: 3}
  m_PrefabInstance: {fileID: 835483253237897085}
  m_PrefabAsset: {fileID: 0}
--- !u!1001 &5862837182456038808
PrefabInstance:
  m_ObjectHideFlags: 0
  serializedVersion: 2
  m_Modification:
    m_TransformParent: {fileID: 8419837854504657587}
    m_Modifications:
    - target: {fileID: 1251302548150506940, guid: 45e42d87b324e574ba7f9f69eb8309a6,
        type: 3}
      propertyPath: m_Materials.Array.data[0]
      value: 
      objectReference: {fileID: 2100000, guid: 795daeb5b0a5dee44909015b59d5a269, type: 2}
    - target: {fileID: 1251302548150506940, guid: 45e42d87b324e574ba7f9f69eb8309a6,
        type: 3}
      propertyPath: m_Materials.Array.data[1]
      value: 
      objectReference: {fileID: 2100000, guid: 795daeb5b0a5dee44909015b59d5a269, type: 2}
    - target: {fileID: 5000708580011492670, guid: 45e42d87b324e574ba7f9f69eb8309a6,
        type: 3}
      propertyPath: m_Name
      value: SpawnFX 1
      objectReference: {fileID: 0}
    - target: {fileID: 8448648705827000876, guid: 45e42d87b324e574ba7f9f69eb8309a6,
        type: 3}
      propertyPath: m_RootOrder
      value: 1
      objectReference: {fileID: 0}
    - target: {fileID: 8448648705827000876, guid: 45e42d87b324e574ba7f9f69eb8309a6,
        type: 3}
      propertyPath: m_LocalScale.x
      value: 2
      objectReference: {fileID: 0}
    - target: {fileID: 8448648705827000876, guid: 45e42d87b324e574ba7f9f69eb8309a6,
        type: 3}
      propertyPath: m_LocalScale.y
      value: 2
      objectReference: {fileID: 0}
    - target: {fileID: 8448648705827000876, guid: 45e42d87b324e574ba7f9f69eb8309a6,
        type: 3}
      propertyPath: m_LocalScale.z
      value: 2
      objectReference: {fileID: 0}
    - target: {fileID: 8448648705827000876, guid: 45e42d87b324e574ba7f9f69eb8309a6,
        type: 3}
      propertyPath: m_LocalPosition.x
      value: 0
      objectReference: {fileID: 0}
    - target: {fileID: 8448648705827000876, guid: 45e42d87b324e574ba7f9f69eb8309a6,
        type: 3}
      propertyPath: m_LocalPosition.y
      value: 1
      objectReference: {fileID: 0}
    - target: {fileID: 8448648705827000876, guid: 45e42d87b324e574ba7f9f69eb8309a6,
        type: 3}
      propertyPath: m_LocalPosition.z
      value: -0
      objectReference: {fileID: 0}
    - target: {fileID: 8448648705827000876, guid: 45e42d87b324e574ba7f9f69eb8309a6,
        type: 3}
      propertyPath: m_LocalRotation.w
      value: 0.7071068
      objectReference: {fileID: 0}
    - target: {fileID: 8448648705827000876, guid: 45e42d87b324e574ba7f9f69eb8309a6,
        type: 3}
      propertyPath: m_LocalRotation.x
      value: -0.7071068
      objectReference: {fileID: 0}
    - target: {fileID: 8448648705827000876, guid: 45e42d87b324e574ba7f9f69eb8309a6,
        type: 3}
      propertyPath: m_LocalRotation.y
      value: 0
      objectReference: {fileID: 0}
    - target: {fileID: 8448648705827000876, guid: 45e42d87b324e574ba7f9f69eb8309a6,
        type: 3}
      propertyPath: m_LocalRotation.z
      value: 0
      objectReference: {fileID: 0}
    - target: {fileID: 8448648705827000876, guid: 45e42d87b324e574ba7f9f69eb8309a6,
        type: 3}
      propertyPath: m_LocalEulerAnglesHint.x
      value: -90
      objectReference: {fileID: 0}
    - target: {fileID: 8448648705827000876, guid: 45e42d87b324e574ba7f9f69eb8309a6,
        type: 3}
      propertyPath: m_LocalEulerAnglesHint.y
      value: 0
      objectReference: {fileID: 0}
    - target: {fileID: 8448648705827000876, guid: 45e42d87b324e574ba7f9f69eb8309a6,
        type: 3}
      propertyPath: m_LocalEulerAnglesHint.z
      value: 0
      objectReference: {fileID: 0}
    m_RemovedComponents: []
  m_SourcePrefab: {fileID: 100100000, guid: 45e42d87b324e574ba7f9f69eb8309a6, type: 3}
--- !u!4 &2622038806401865652 stripped
Transform:
  m_CorrespondingSourceObject: {fileID: 8448648705827000876, guid: 45e42d87b324e574ba7f9f69eb8309a6,
    type: 3}
  m_PrefabInstance: {fileID: 5862837182456038808}
  m_PrefabAsset: {fileID: 0}
