%YAML 1.1
%TAG !u! tag:unity3d.com,2011:
--- !u!1 &1572639224830242209
GameObject:
  m_ObjectHideFlags: 0
  m_CorrespondingSourceObject: {fileID: 0}
  m_PrefabInstance: {fileID: 0}
  m_PrefabAsset: {fileID: 0}
  serializedVersion: 6
  m_Component:
  - component: {fileID: 1572639224830242208}
  - component: {fileID: 6726759632770118370}
  - component: {fileID: 8969384557288606623}
  m_Layer: 0
  m_Name: Ammo(ShotgunShell)
  m_TagString: Untagged
  m_Icon: {fileID: 0}
  m_NavMeshLayer: 0
  m_StaticEditorFlags: 0
  m_IsActive: 1
--- !u!4 &1572639224830242208
Transform:
  m_ObjectHideFlags: 0
  m_CorrespondingSourceObject: {fileID: 0}
  m_PrefabInstance: {fileID: 0}
  m_PrefabAsset: {fileID: 0}
  m_GameObject: {fileID: 1572639224830242209}
  m_LocalRotation: {x: 0, y: 0, z: 0, w: 1}
  m_LocalPosition: {x: 0, y: 0.072, z: -0.029}
  m_LocalScale: {x: 1, y: 1, z: 1}
  m_Children:
  - {fileID: 3481228908043572435}
  - {fileID: 5605793451698317194}
  - {fileID: 7883626498893269449}
  m_Father: {fileID: 0}
  m_RootOrder: 0
  m_LocalEulerAnglesHint: {x: 0, y: 0, z: 0}
--- !u!114 &6726759632770118370
MonoBehaviour:
  m_ObjectHideFlags: 0
  m_CorrespondingSourceObject: {fileID: 0}
  m_PrefabInstance: {fileID: 0}
  m_PrefabAsset: {fileID: 0}
  m_GameObject: {fileID: 1572639224830242209}
  m_Enabled: 1
  m_EditorHideFlags: 0
  m_Script: {fileID: 11500000, guid: 9048c48cd2e5dbb46b0b3b1b4b93cd59, type: 3}
  m_Name: 
  m_EditorClassIdentifier: 
  ammoAmount: 10
  ammoType: 1
--- !u!135 &8969384557288606623
SphereCollider:
  m_ObjectHideFlags: 0
  m_CorrespondingSourceObject: {fileID: 0}
  m_PrefabInstance: {fileID: 0}
  m_PrefabAsset: {fileID: 0}
  m_GameObject: {fileID: 1572639224830242209}
  m_Material: {fileID: 0}
  m_IsTrigger: 1
  m_Enabled: 1
  serializedVersion: 2
  m_Radius: 0.82
  m_Center: {x: 0, y: 0, z: 0}
--- !u!1001 &2521432005676189807
PrefabInstance:
  m_ObjectHideFlags: 0
  serializedVersion: 2
  m_Modification:
    m_TransformParent: {fileID: 1572639224830242208}
    m_Modifications:
    - target: {fileID: 1347176843431861424, guid: a3747db7b24ab89408e8286b6d666a3e,
        type: 3}
      propertyPath: m_Mesh
      value: 
      objectReference: {fileID: 0}
    - target: {fileID: 1347176843431861425, guid: a3747db7b24ab89408e8286b6d666a3e,
        type: 3}
      propertyPath: m_Name
      value: GunShell
      objectReference: {fileID: 0}
    - target: {fileID: 1347176843431861436, guid: a3747db7b24ab89408e8286b6d666a3e,
        type: 3}
      propertyPath: m_RootOrder
      value: 0
      objectReference: {fileID: 0}
    - target: {fileID: 1347176843431861436, guid: a3747db7b24ab89408e8286b6d666a3e,
        type: 3}
      propertyPath: m_LocalScale.x
      value: 0.6437
      objectReference: {fileID: 0}
    - target: {fileID: 1347176843431861436, guid: a3747db7b24ab89408e8286b6d666a3e,
        type: 3}
      propertyPath: m_LocalScale.y
      value: 0.6437
      objectReference: {fileID: 0}
    - target: {fileID: 1347176843431861436, guid: a3747db7b24ab89408e8286b6d666a3e,
        type: 3}
      propertyPath: m_LocalScale.z
      value: 0.6437
      objectReference: {fileID: 0}
    - target: {fileID: 1347176843431861436, guid: a3747db7b24ab89408e8286b6d666a3e,
        type: 3}
      propertyPath: m_LocalPosition.x
      value: 0.21603
      objectReference: {fileID: 0}
    - target: {fileID: 1347176843431861436, guid: a3747db7b24ab89408e8286b6d666a3e,
        type: 3}
      propertyPath: m_LocalPosition.y
      value: -0.032
      objectReference: {fileID: 0}
    - target: {fileID: 1347176843431861436, guid: a3747db7b24ab89408e8286b6d666a3e,
        type: 3}
      propertyPath: m_LocalPosition.z
      value: 0.19933
      objectReference: {fileID: 0}
    - target: {fileID: 1347176843431861436, guid: a3747db7b24ab89408e8286b6d666a3e,
        type: 3}
      propertyPath: m_LocalRotation.w
      value: 1
      objectReference: {fileID: 0}
    - target: {fileID: 1347176843431861436, guid: a3747db7b24ab89408e8286b6d666a3e,
        type: 3}
      propertyPath: m_LocalRotation.x
      value: 0
      objectReference: {fileID: 0}
    - target: {fileID: 1347176843431861436, guid: a3747db7b24ab89408e8286b6d666a3e,
        type: 3}
      propertyPath: m_LocalRotation.y
      value: 0
      objectReference: {fileID: 0}
    - target: {fileID: 1347176843431861436, guid: a3747db7b24ab89408e8286b6d666a3e,
        type: 3}
      propertyPath: m_LocalRotation.z
      value: 0
      objectReference: {fileID: 0}
    - target: {fileID: 1347176843431861436, guid: a3747db7b24ab89408e8286b6d666a3e,
        type: 3}
      propertyPath: m_LocalEulerAnglesHint.x
      value: 0
      objectReference: {fileID: 0}
    - target: {fileID: 1347176843431861436, guid: a3747db7b24ab89408e8286b6d666a3e,
        type: 3}
      propertyPath: m_LocalEulerAnglesHint.y
      value: 0
      objectReference: {fileID: 0}
    - target: {fileID: 1347176843431861436, guid: a3747db7b24ab89408e8286b6d666a3e,
        type: 3}
      propertyPath: m_LocalEulerAnglesHint.z
      value: 0
      objectReference: {fileID: 0}
    - target: {fileID: 1347176843431861437, guid: a3747db7b24ab89408e8286b6d666a3e,
        type: 3}
      propertyPath: m_Mesh
      value: 
      objectReference: {fileID: 0}
    - target: {fileID: 1347176843431861439, guid: a3747db7b24ab89408e8286b6d666a3e,
        type: 3}
      propertyPath: m_Mesh
      value: 
      objectReference: {fileID: 0}
    m_RemovedComponents: []
  m_SourcePrefab: {fileID: 100100000, guid: a3747db7b24ab89408e8286b6d666a3e, type: 3}
--- !u!4 &3481228908043572435 stripped
Transform:
  m_CorrespondingSourceObject: {fileID: 1347176843431861436, guid: a3747db7b24ab89408e8286b6d666a3e,
    type: 3}
  m_PrefabInstance: {fileID: 2521432005676189807}
  m_PrefabAsset: {fileID: 0}
--- !u!1001 &6879781977932905270
PrefabInstance:
  m_ObjectHideFlags: 0
  serializedVersion: 2
  m_Modification:
    m_TransformParent: {fileID: 1572639224830242208}
    m_Modifications:
    - target: {fileID: 1347176843431861424, guid: a3747db7b24ab89408e8286b6d666a3e,
        type: 3}
      propertyPath: m_Mesh
      value: 
      objectReference: {fileID: 0}
    - target: {fileID: 1347176843431861425, guid: a3747db7b24ab89408e8286b6d666a3e,
        type: 3}
      propertyPath: m_Name
      value: GunShell (1)
      objectReference: {fileID: 0}
    - target: {fileID: 1347176843431861436, guid: a3747db7b24ab89408e8286b6d666a3e,
        type: 3}
      propertyPath: m_RootOrder
      value: 1
      objectReference: {fileID: 0}
    - target: {fileID: 1347176843431861436, guid: a3747db7b24ab89408e8286b6d666a3e,
        type: 3}
      propertyPath: m_LocalScale.x
      value: 0.6437
      objectReference: {fileID: 0}
    - target: {fileID: 1347176843431861436, guid: a3747db7b24ab89408e8286b6d666a3e,
        type: 3}
      propertyPath: m_LocalScale.y
      value: 0.6437
      objectReference: {fileID: 0}
    - target: {fileID: 1347176843431861436, guid: a3747db7b24ab89408e8286b6d666a3e,
        type: 3}
      propertyPath: m_LocalScale.z
      value: 0.6437
      objectReference: {fileID: 0}
    - target: {fileID: 1347176843431861436, guid: a3747db7b24ab89408e8286b6d666a3e,
        type: 3}
      propertyPath: m_LocalPosition.x
      value: 0.59968
      objectReference: {fileID: 0}
    - target: {fileID: 1347176843431861436, guid: a3747db7b24ab89408e8286b6d666a3e,
        type: 3}
      propertyPath: m_LocalPosition.y
      value: -0.032000005
      objectReference: {fileID: 0}
    - target: {fileID: 1347176843431861436, guid: a3747db7b24ab89408e8286b6d666a3e,
        type: 3}
      propertyPath: m_LocalPosition.z
      value: 0.070589
      objectReference: {fileID: 0}
    - target: {fileID: 1347176843431861436, guid: a3747db7b24ab89408e8286b6d666a3e,
        type: 3}
      propertyPath: m_LocalRotation.w
      value: 1
      objectReference: {fileID: 0}
    - target: {fileID: 1347176843431861436, guid: a3747db7b24ab89408e8286b6d666a3e,
        type: 3}
      propertyPath: m_LocalRotation.x
      value: 0
      objectReference: {fileID: 0}
    - target: {fileID: 1347176843431861436, guid: a3747db7b24ab89408e8286b6d666a3e,
        type: 3}
      propertyPath: m_LocalRotation.y
      value: 0
      objectReference: {fileID: 0}
    - target: {fileID: 1347176843431861436, guid: a3747db7b24ab89408e8286b6d666a3e,
        type: 3}
      propertyPath: m_LocalRotation.z
      value: 0
      objectReference: {fileID: 0}
    - target: {fileID: 1347176843431861436, guid: a3747db7b24ab89408e8286b6d666a3e,
        type: 3}
      propertyPath: m_LocalEulerAnglesHint.x
      value: 0
      objectReference: {fileID: 0}
    - target: {fileID: 1347176843431861436, guid: a3747db7b24ab89408e8286b6d666a3e,
        type: 3}
      propertyPath: m_LocalEulerAnglesHint.y
      value: 0
      objectReference: {fileID: 0}
    - target: {fileID: 1347176843431861436, guid: a3747db7b24ab89408e8286b6d666a3e,
        type: 3}
      propertyPath: m_LocalEulerAnglesHint.z
      value: 0
      objectReference: {fileID: 0}
    - target: {fileID: 1347176843431861437, guid: a3747db7b24ab89408e8286b6d666a3e,
        type: 3}
      propertyPath: m_Mesh
      value: 
      objectReference: {fileID: 0}
    - target: {fileID: 1347176843431861439, guid: a3747db7b24ab89408e8286b6d666a3e,
        type: 3}
      propertyPath: m_Mesh
      value: 
      objectReference: {fileID: 0}
    m_RemovedComponents: []
  m_SourcePrefab: {fileID: 100100000, guid: a3747db7b24ab89408e8286b6d666a3e, type: 3}
--- !u!4 &5605793451698317194 stripped
Transform:
  m_CorrespondingSourceObject: {fileID: 1347176843431861436, guid: a3747db7b24ab89408e8286b6d666a3e,
    type: 3}
  m_PrefabInstance: {fileID: 6879781977932905270}
  m_PrefabAsset: {fileID: 0}
--- !u!1001 &9212788943265764725
PrefabInstance:
  m_ObjectHideFlags: 0
  serializedVersion: 2
  m_Modification:
    m_TransformParent: {fileID: 1572639224830242208}
    m_Modifications:
    - target: {fileID: 1347176843431861424, guid: a3747db7b24ab89408e8286b6d666a3e,
        type: 3}
      propertyPath: m_Mesh
      value: 
      objectReference: {fileID: 0}
    - target: {fileID: 1347176843431861425, guid: a3747db7b24ab89408e8286b6d666a3e,
        type: 3}
      propertyPath: m_Name
      value: GunShell (2)
      objectReference: {fileID: 0}
    - target: {fileID: 1347176843431861436, guid: a3747db7b24ab89408e8286b6d666a3e,
        type: 3}
      propertyPath: m_RootOrder
      value: 2
      objectReference: {fileID: 0}
    - target: {fileID: 1347176843431861436, guid: a3747db7b24ab89408e8286b6d666a3e,
        type: 3}
      propertyPath: m_LocalScale.x
      value: 0.6437
      objectReference: {fileID: 0}
    - target: {fileID: 1347176843431861436, guid: a3747db7b24ab89408e8286b6d666a3e,
        type: 3}
      propertyPath: m_LocalScale.y
      value: 0.6437
      objectReference: {fileID: 0}
    - target: {fileID: 1347176843431861436, guid: a3747db7b24ab89408e8286b6d666a3e,
        type: 3}
      propertyPath: m_LocalScale.z
      value: 0.6437
      objectReference: {fileID: 0}
    - target: {fileID: 1347176843431861436, guid: a3747db7b24ab89408e8286b6d666a3e,
        type: 3}
      propertyPath: m_LocalPosition.x
      value: 0.3055
      objectReference: {fileID: 0}
    - target: {fileID: 1347176843431861436, guid: a3747db7b24ab89408e8286b6d666a3e,
        type: 3}
      propertyPath: m_LocalPosition.y
      value: -0.032000005
      objectReference: {fileID: 0}
    - target: {fileID: 1347176843431861436, guid: a3747db7b24ab89408e8286b6d666a3e,
        type: 3}
      propertyPath: m_LocalPosition.z
      value: -0.19333
      objectReference: {fileID: 0}
    - target: {fileID: 1347176843431861436, guid: a3747db7b24ab89408e8286b6d666a3e,
        type: 3}
      propertyPath: m_LocalRotation.w
      value: 1
      objectReference: {fileID: 0}
    - target: {fileID: 1347176843431861436, guid: a3747db7b24ab89408e8286b6d666a3e,
        type: 3}
      propertyPath: m_LocalRotation.x
      value: 0
      objectReference: {fileID: 0}
    - target: {fileID: 1347176843431861436, guid: a3747db7b24ab89408e8286b6d666a3e,
        type: 3}
      propertyPath: m_LocalRotation.y
      value: 0
      objectReference: {fileID: 0}
    - target: {fileID: 1347176843431861436, guid: a3747db7b24ab89408e8286b6d666a3e,
        type: 3}
      propertyPath: m_LocalRotation.z
      value: 0
      objectReference: {fileID: 0}
    - target: {fileID: 1347176843431861436, guid: a3747db7b24ab89408e8286b6d666a3e,
        type: 3}
      propertyPath: m_LocalEulerAnglesHint.x
      value: 0
      objectReference: {fileID: 0}
    - target: {fileID: 1347176843431861436, guid: a3747db7b24ab89408e8286b6d666a3e,
        type: 3}
      propertyPath: m_LocalEulerAnglesHint.y
      value: 0
      objectReference: {fileID: 0}
    - target: {fileID: 1347176843431861436, guid: a3747db7b24ab89408e8286b6d666a3e,
        type: 3}
      propertyPath: m_LocalEulerAnglesHint.z
      value: 0
      objectReference: {fileID: 0}
    - target: {fileID: 1347176843431861437, guid: a3747db7b24ab89408e8286b6d666a3e,
        type: 3}
      propertyPath: m_Mesh
      value: 
      objectReference: {fileID: 0}
    - target: {fileID: 1347176843431861439, guid: a3747db7b24ab89408e8286b6d666a3e,
        type: 3}
      propertyPath: m_Mesh
      value: 
      objectReference: {fileID: 0}
    m_RemovedComponents: []
  m_SourcePrefab: {fileID: 100100000, guid: a3747db7b24ab89408e8286b6d666a3e, type: 3}
--- !u!4 &7883626498893269449 stripped
Transform:
  m_CorrespondingSourceObject: {fileID: 1347176843431861436, guid: a3747db7b24ab89408e8286b6d666a3e,
    type: 3}
  m_PrefabInstance: {fileID: 9212788943265764725}
  m_PrefabAsset: {fileID: 0}
